<?xml version="1.0" encoding="UTF-8"?><Document xmlns:xsi="http://www.w3.org/2001/XMLSchema-instance" xmlns="urn:iso:std:iso:20022:tech:xsd:camt.053.001.02"><BkToCstmrStmt><GrpHdr><MsgId>0251925218.2025-01-02</MsgId><CreDtTm>2025-06-17T21:59:23.91+02:00</CreDtTm><MsgPgntn><PgNb>1</PgNb><LastPgInd>true</LastPgInd></MsgPgntn></GrpHdr><Stmt><Id>0251925218.2025-01-02</Id><ElctrncSeqNb>000000000000000115</ElctrncSeqNb><CreDtTm>2025-06-17T21:59:23.91+02:00</CreDtTm><Acct><Id><IBAN>NL57ABNA0251925218</IBAN></Id><Ccy>EUR</Ccy><Svcr><FinInstnId><BIC>ABNANL2A</BIC></FinInstnId></Svcr></Acct><Bal><Tp><CdOrPrtry><Cd>PRCD</Cd></CdOrPrtry></Tp><Amt Ccy="EUR">000000000000749.58</Amt><CdtDbtInd>CRDT</CdtDbtInd><Dt><Dt>2024-12-31</Dt></Dt></Bal><Bal><Tp><CdOrPrtry><Cd>CLBD</Cd></CdOrPrtry></Tp><Amt Ccy="EUR">000000000000561.54</Amt><CdtDbtInd>CRDT</CdtDbtInd><Dt><Dt>2025-01-02</Dt></Dt></Bal><Ntry><Amt Ccy="EUR">000000000000035.00</Amt><CdtDbtInd>DBIT</CdtDbtInd><Sts>BOOK</Sts><BookgDt><Dt>2025-01-02</Dt></BookgDt><ValDt><Dt>2025-01-02</Dt></ValDt><AcctSvcrRef>0102163142208897</AcctSvcrRef><BkTxCd><Domn><Cd>PMNT</Cd><Fmly><Cd>CCRD</Cd><SubFmlyCd>POSD</SubFmlyCd></Fmly></Domn><Prtry><Cd>N426</Cd><Issr>ABNAMRO</Issr></Prtry></BkTxCd><AddtlNtryInf>BEA, Apple Pay                  CCV*Celly Shop,PAS353           NR:CT637285, 02.01.25/16:31     AMSTERDAM</AddtlNtryInf></Ntry><Ntry><Amt Ccy="EUR">000000000000010.20</Amt><CdtDbtInd>DBIT</CdtDbtInd><Sts>BOOK</Sts><BookgDt><Dt>2025-01-02</Dt></BookgDt><ValDt><Dt>2025-01-02</Dt></ValDt><AcctSvcrRef>0102155145288055</AcctSvcrRef><BkTxCd><Domn><Cd>PMNT</Cd><Fmly><Cd>CCRD</Cd><SubFmlyCd>POSD</SubFmlyCd></Fmly></Domn><Prtry><Cd>N426</Cd><Issr>ABNAMRO</Issr></Prtry></BkTxCd><AddtlNtryInf>BEA, Apple Pay                  CCV*DE SLEUTELSPECIALI,PAS342   NR:CT145270, 02.01.25/15:51     AMSTERDAM</AddtlNtryInf></Ntry><Ntry><Amt Ccy="EUR">000000000000013.50</Amt><CdtDbtInd>DBIT</CdtDbtInd><Sts>BOOK</Sts><BookgDt><Dt>2025-01-02</Dt></BookgDt><ValDt><Dt>2025-01-02</Dt></ValDt><AcctSvcrRef>0102151849285956</AcctSvcrRef><BkTxCd><Domn><Cd>PMNT</Cd><Fmly><Cd>CCRD</Cd><SubFmlyCd>POSD</SubFmlyCd></Fmly></Domn><Prtry><Cd>N426</Cd><Issr>ABNAMRO</Issr></Prtry></BkTxCd><AddtlNtryInf>BEA, Apple Pay                  CCV*MECHANISCH SPEELGO,PAS342   NR:CT682676, 02.01.25/15:18     AMSTERDAM</AddtlNtryInf></Ntry><Ntry><Amt Ccy="EUR">000000000000040.00</Amt><CdtDbtInd>DBIT</CdtDbtInd><Sts>BOOK</Sts><BookgDt><Dt>2025-01-02</Dt></BookgDt><ValDt><Dt>2025-01-02</Dt></ValDt><AcctSvcrRef>0102135754096612</AcctSvcrRef><BkTxCd><Domn><Cd>PMNT</Cd><Fmly><Cd>CCRD</Cd><SubFmlyCd>POSD</SubFmlyCd></Fmly></Domn><Prtry><Cd>N426</Cd><Issr>ABNAMRO</Issr></Prtry></BkTxCd><AddtlNtryInf>BEA, Apple Pay                  Cafe Thijssen,PAS342            NR:03597983, 02.01.25/13:57     Amsterdam</AddtlNtryInf></Ntry><Ntry><Amt Ccy="EUR">000000000000012.00</Amt><CdtDbtInd>DBIT</CdtDbtInd><Sts>BOOK</Sts><BookgDt><Dt>2025-01-02</Dt></BookgDt><ValDt><Dt>2025-01-02</Dt></ValDt><AcctSvcrRef>0102131805388886</AcctSvcrRef><BkTxCd><Domn><Cd>PMNT</Cd><Fmly><Cd>CCRD</Cd><SubFmlyCd>POSD</SubFmlyCd></Fmly></Domn><Prtry><Cd>N426</Cd><Issr>ABNAMRO</Issr></Prtry></BkTxCd><AddtlNtryInf>BEA, Apple Pay                  Petit gateau,PAS342             NR:24213054, 02.01.25/13:18     Amsterdam</AddtlNtryInf></Ntry><Ntry><Amt Ccy="EUR">000000000000049.85</Amt><CdtDbtInd>DBIT</CdtDbtInd><Sts>BOOK</Sts><BookgDt><Dt>2025-01-02</Dt></BookgDt><ValDt><Dt>2025-01-02</Dt></ValDt><AcctSvcrRef>0102130710371469</AcctSvcrRef><BkTxCd><Domn><Cd>PMNT</Cd><Fmly><Cd>CCRD</Cd><SubFmlyCd>POSD</SubFmlyCd></Fmly></Domn><Prtry><Cd>N426</Cd><Issr>ABNAMRO</Issr></Prtry></BkTxCd><AddtlNtryInf>BEA, Apple Pay                  SumUp  *MKD Vintage BV,PAS342   NR:MCUH3E23, 02.01.25/13:07     Hellevoetslui</AddtlNtryInf></Ntry><Ntry><Amt Ccy="EUR">000000000000002.50</Amt><CdtDbtInd>DBIT</CdtDbtInd><Sts>BOOK</Sts><BookgDt><Dt>2025-01-02</Dt></BookgDt><ValDt><Dt>2025-01-02</Dt></ValDt><AcctSvcrRef>ECS00000F6BE0B20</AcctSvcrRef><BkTxCd><Domn><Cd>XTND</Cd><Fmly><Cd>NTAV</Cd><SubFmlyCd>NTAV</SubFmlyCd></Fmly></Domn><Prtry><Cd>N944</Cd><Issr>ABNAMRO</Issr></Prtry></BkTxCd><NtryDtls><TxDtls><Refs><MsgId>ISCT250102000134001</MsgId><AcctSvcrRef>ECS00000F6BE0B20</AcctSvcrRef><EndToEndId>02-01-2025 11:52 8030465478916939</EndToEndId></Refs><AmtDtls><TxAmt><Amt Ccy="EUR">000000000000002.50</Amt></TxAmt></AmtDtls><RltdPties><Cdtr><Nm>NS Reizigers B.V.</Nm><PstlAdr><Ctry>NL</Ctry></PstlAdr></Cdtr><CdtrAcct><Id><IBAN>NL56DEUT0265186420</IBAN></Id></CdtrAcct></RltdPties><RltdAgts><DbtrAgt><FinInstnId><BIC>ABNANL2A</BIC></FinInstnId></DbtrAgt><CdtrAgt><FinInstnId><BIC>DEUTNL2A</BIC></FinInstnId></CdtrAgt></RltdAgts><RmtInf><Ustrd>E517525830 8030465478916939 NS e-Tickets. Order. E517525830</Ustrd></RmtInf></TxDtls></NtryDtls><AddtlNtryInf>/TRTP/iDEAL/IBAN/NL56DEUT0265186420/BIC/DEUTNL2A/NAME/NS Reizigers B.V./REMI/E517525830 8030465478916939 NS e-Tickets. Order. E517525830/EREF/02-01-2025 11:52 8030465478916939</AddtlNtryInf></Ntry><Ntry><Amt Ccy="EUR">000000000000024.99</Amt><CdtDbtInd>DBIT</CdtDbtInd><Sts>BOOK</Sts><BookgDt><Dt>2025-01-02</Dt></BookgDt><ValDt><Dt>2025-01-02</Dt></ValDt><AcctSvcrRef>ECS00000F6979FA0</AcctSvcrRef><BkTxCd><Domn><Cd>XTND</Cd><Fmly><Cd>NTAV</Cd><SubFmlyCd>NTAV</SubFmlyCd></Fmly></Domn><Prtry><Cd>N944</Cd><Issr>ABNAMRO</Issr></Prtry></BkTxCd><NtryDtls><TxDtls><Refs><MsgId>I5002103001</MsgId><AcctSvcrRef>ECS00000F6979FA0</AcctSvcrRef><EndToEndId>02-01-2025 09:12 7051135787888100</EndToEndId></Refs><AmtDtls><TxAmt><Amt Ccy="EUR">000000000000024.99</Amt></TxAmt></AmtDtls><RltdPties><Cdtr><Nm>bol.com</Nm><PstlAdr><Ctry>NL</Ctry></PstlAdr></Cdtr><CdtrAcct><Id><IBAN>NL27INGB0000026500</IBAN></Id></CdtrAcct></RltdPties><RltdAgts><DbtrAgt><FinInstnId><BIC>ABNANL2A</BIC></FinInstnId></DbtrAgt><CdtrAgt><FinInstnId><BIC>INGBNL2A</BIC></FinInstnId></CdtrAgt></RltdAgts><RmtInf><Ustrd>1499360180 7051135787888100 bol.com BUN1801236744120</Ustrd></RmtInf></TxDtls></NtryDtls><AddtlNtryInf>/TRTP/iDEAL/IBAN/NL27INGB0000026500/BIC/INGBNL2A/NAME/bol.com    /REMI/1499360180 7051135787888100 bol.com BUN1801236744120/EREF/02-01-2025 09:12 7051135787888100</AddtlNtryInf></Ntry></Stmt></BkToCstmrStmt></Document>                                                                                                                                                                                                                                                                                                                                                                                                                                                                                                                                                                                                                                                                                                                                                                                                                                                                                                                                                                                                                                                                                                                                                                                                                                                                                                                                                                                                                                                                                                                                                                                                                                                                                                                                                                                                                                                                                                                                                                                                                                                                                                                                                                                                                                                                                                                                                                                                                                                                                                                                                                                                                                                                                                                                                                                                                                                                                                                                                                                                                                                                                                                                                                                                                                                                                                                                                                                                                                                                                                                                                                                                                                                                                                                                                                                                                                                                                                                                                                                                                                                                                                                                                                                                                                                                                                                                                                                                                                                                                                                                                                                                                                                                                                                                                                                                                                                                                                                                                                                                                                                                                                                                                                                                                                                                                                                                                                                                                                                                                                                                                                                                                                                                                                                                                                                                                                                                                                                                                                                                                                                                                                                                                                                                                                                                                                                                                                                                                                                                                                                                                                                                                                                                                                                                                                                                                                                                                                                                                                                                                                                                                                                                                                                                                                                                                                                                                                                                                                                                                                                                                                                                                                                                                                                                                                                                                                                                                                                                                                                                                                                                                                                                                                                                                                                                                                                                                                                                                                                                                                                                                                                                                                                                                                                                                                                                                                                                                                                                                                                                                                                                                                                                                                                                                                                                                                                                                                                                                                                                                                                                                                                                                                                                                                                                                                                                                                                                                                                                                                                                                                                                                                                                                                                                                                                                                                                                                                                                                                                                                                                                                                                                                                                                                                                                                                                                                                                                                                                                                                                                                                                                                                                                                                                                                                                                                                                                                                                                                                                                                                                                                                                                                                                                                                                                                                                                                                                                                                                                                                                                                                                                                                                                                                                                                                                                                                                                                                                                                                                                                                                                                                                                                                                                                                                                                                                                                                                                                                                                                                                                                                                                                                                                                                                                                                                                                                                                                                                                                                                                                                                                                                                                                                                                                                                                                                                                                                                                                                                                                                                                                                                                                                                                                                                                                                                                                                                                                                                                                                                                                                                                                                                                                                                                                                                                                                                                                                                                                                                                                                                                                                                                                                                                                                                                                                                                                                                                                                                                                                                                                                                                                                                                                                                                                                                                                                                                                                                                                                                                                                                                                                                                                                                                                                                                                                                                                                                                                                                                                                                                                                                                                                                                                                                                                                                                                                                                                                                                                                                                                                                                                                                                                                                                                                                                                                                                                                                                                                                                                                                                                                                                                                                                                                                                                                                                                                                                                                                                                                                                                                                                                                                                                                                                                                                                                                                                                                                                                                                                                                                                                                                                                                                                                                                                                                                                                                                                                                                                                                                                                                                                                                                                                                                                                                                                                                                                                                                                                                                                                                                                                                                                                                                                                                                                                                                                                                                                                                                                                                                                                                                                                                                                                                                                                                                                                                                                                                                                                                                                                                                                                                                                                                                                                                                                                                                                                                                                                                                                                                                                                                                                                                                                                                                                                                                                                                                                                                                                                                                                                                                                                                                                                                                                                                                                                                                                                                                                                                                                                                                                                                                                                                                                                                                                                                                                                                                                                                                                                                                                                                                                                                                                                                                                                                                                                                                                                                                                                                                                                                                                                                                                                                                                                                                                                                                                                                                                                                                                                                                                                                                                                                                                                                                                                                                                                                                                                                                                                                                                                                                                                                                                                                                                                                                                                                                                                                                                                                                                                                                                                                                                                                                                                                                                                                                                                                                                                                                                                                                                                                                                                                                                                                                                                                                                                                                                                                                                                                                                                                                                                                                                                                                                                                                                                                                                                                                                                                                                                                                                                                                                                                                                                                                                                                                                                                                                                                                                                                                                                                                                                                                                                                                                                                                                                                                                                                                                                                                                                                                                                                                                                                                                                                                                                                                                                                                                                                                                                                                                                            